@book{wickham2023r,
  title={R for data science},
  author={Wickham, Hadley and {\c{C}}etinkaya-Rundel, Mine and Grolemund, Garrett},
  year={2023},
  publisher={" O'Reilly Media, Inc."}
}

  @Manual{RStats,
    title = {R: A Language and Environment for Statistical Computing},
    author = {{R Core Team}},
    organization = {R Foundation for Statistical Computing},
    address = {Vienna, Austria},
    year = {2024},
    url = {https://www.R-project.org/},
  }
  
  @book{crawley2012r,
  title={The R book},
  author={Crawley, Michael J},
  year={2012},
  publisher={John Wiley \& Sons}
}

@book{verzani2004using,
  title={Using R for introductory statistics},
  author={Verzani, John},
  year={2004},
  publisher={Chapman and Hall/CRC}
}

@article{navarro2015learning,
  title={Learning statistics with R: A tutorial for psychology students and other beginners (version 0.6)},
  author={Navarro, Danielle},
  journal={Sydney, Australia: University of New South Wales},
  year={2015}
}

@book{matloff2011art,
  title={The art of R programming: A tour of statistical software design},
  author={Matloff, Norman},
  year={2011},
  publisher={No Starch Press}
}

@book{wickham2019advanced,
  title={Advanced r},
  author={Wickham, Hadley},
  year={2019},
  publisher={chapman and hall/CRC}
}

@book{sievert2020interactive,
  title={Interactive web-based data visualization with R, plotly, and shiny},
  author={Sievert, Carson},
  year={2020},
  publisher={Chapman and Hall/CRC}
}

@book{wilke2019fundamentals,
  title={Fundamentals of data visualization: a primer on making informative and compelling figures},
  author={Wilke, Claus O},
  year={2019},
  publisher={O'Reilly Media}
}

@article{hastie2009introduction,
  title={An introduction to statistical learning},
  author={Hastie, Trevor and Tibshirani, Robert and Friedman, Jerome},
  year={2009}
}

@book{gentleman2005bioinformatics,
  title={Bioinformatics and computational biology solutions using R and Bioconductor},
  author={Gentleman, Robert and Carey, Vincent and Huber, Wolfgang and Irizarry, Rafael and Dudoit, Sandrine},
  year={2005},
  publisher={Springer Science \& Business Media}
}

@inproceedings{raasveldt2019duckdb,
  title={Duckdb: an embeddable analytical database},
  author={Raasveldt, Mark and M{\"u}hleisen, Hannes},
  booktitle={Proceedings of the 2019 International Conference on Management of Data},
  pages={1981--1984},
  year={2019}
}

  @Manual{arrow,
    title = {arrow: Integration to 'Apache' 'Arrow'},
    author = {Neal Richardson and Ian Cook and Nic Crane and Dewey Dunnington and Romain François and Jonathan Keane and Dragoș Moldovan-Grünfeld and Jeroen Ooms and Jacob Wujciak-Jens and {Apache Arrow}},
    year = {2024},
    note = {R package version 18.1.0},
    url = {https://CRAN.R-project.org/package=arrow},
  }
  
    @Manual{DBI,
    title = {DBI: R Database Interface},
    author = {{R Special Interest Group on Databases (R-SIG-DB)} and Hadley Wickham and Kirill Müller},
    year = {2024},
    note = {R package version 1.2.3},
    url = {https://CRAN.R-project.org/package=DBI},
  }
  
    @Manual{odbc,
    title = {odbc: Connect to ODBC Compatible Databases (using the DBI Interface)},
    author = {Jim Hester and Hadley Wickham and Oliver Gjoneski},
    year = {2024},
    note = {R package version 1.4.2},
    url = {https://CRAN.R-project.org/package=odbc},
  }
  
    @Manual{htmltools,
    title = {htmltools: Tools for HTML},
    author = {Joe Cheng and Carson Sievert and Barret Schloerke and Winston Chang and Yihui Xie and Jeff Allen},
    year = {2024},
    note = {R package version 0.5.8.1},
    url = {https://CRAN.R-project.org/package=htmltools},
  }
  
    @Article{jsonlite,
    title = {The jsonlite Package: A Practical and Consistent Mapping Between JSON Data and R Objects},
    author = {Jeroen Ooms},
    journal = {arXiv:1403.2805 [stat.CO]},
    year = {2014},
    url = {https://arxiv.org/abs/1403.2805},
  }
  
    @Manual{rvest,
    title = {rvest: Easily Harvest (Scrape) Web Pages},
    author = {Hadley Wickham},
    year = {2024},
    note = {R package version 1.0.4},
    url = {https://CRAN.R-project.org/package=rvest},
  }
  
    @Manual{XML,
    title = {XML: Tools for Parsing and Generating XML Within R and S-Plus},
    author = {Duncan {Temple Lang}},
    year = {2024},
    note = {R package version 3.99-0.17},
    url = {https://CRAN.R-project.org/package=XML},
  }
  
@article{sarkar2008multivariate,
  title={Multivariate data visualization with R},
  author={Sarkar, Deepayan},
  journal={Use R},
  year={2008},
  publisher={Springer}
}

  @Manual{quarto,
    title = {quarto: R Interface to 'Quarto' Markdown Publishing System},
    author = {JJ Allaire and Christophe Dervieux},
    year = {2024},
    note = {R package version 1.4},
    url = {https://CRAN.R-project.org/package=quarto},
  }
  
  @book{wickham2023rp,
  title={R packages},
  author={Wickham, Hadley and Bryan, Jennifer},
  year={2023},
  publisher={" O'Reilly Media, Inc."}
}

  @Manual{datatable,
    title = {data.table: Extension of `data.frame`},
    author = {Tyson Barrett and Matt Dowle and Arun Srinivasan and Jan Gorecki and Michael Chirico and Toby Hocking},
    year = {2024},
    note = {R package version 1.15.4},
    url = {https://CRAN.R-project.org/package=data.table},
  }
  
    @Article{naniar,
    title = {Expanding Tidy Data Principles to Facilitate Missing Data Exploration, Visualization and Assessment of Imputations},
    author = {Nicholas Tierney and Dianne Cook},
    journal = {Journal of Statistical Software},
    year = {2023},
    volume = {105},
    number = {7},
    pages = {1--31},
    doi = {10.18637/jss.v105.i07},
  }
  
  @book{git,
  title={Pro git},
  author={Chacon, Scott and Straub, Ben},
  year={2014},
  publisher={Apress}
}